<record><leader>00000cas a22000007a 4500</leader><controlfield tag="001">9503627</controlfield><controlfield tag="008">830512d18761882mduwr ne      0    0eng  </controlfield><datafield ind1=" " ind2=" " tag="010"><subfield code="a">sn 83016175 </subfield></datafield><datafield ind1=" " ind2=" " tag="040"><subfield code="a">DLC</subfield><subfield code="b">eng</subfield><subfield code="c">DLC</subfield><subfield code="d">NPX</subfield><subfield code="d">MFN</subfield><subfield code="d">DLC</subfield></datafield><datafield ind1=" " ind2=" " tag="042"><subfield code="a">msc</subfield></datafield><datafield ind1="0" ind2="0" tag="050"><subfield code="a">Newspaper 8124</subfield></datafield><datafield ind1="0" ind2=" " tag="130"><subfield code="a">Civilian (Cumberland, Md. : 1876)</subfield></datafield><datafield ind1="0" ind2="4" tag="245"><subfield code="a">The civilian.</subfield></datafield><datafield ind1=" " ind2=" " tag="260"><subfield code="a">Cumberland, Md. :</subfield><subfield code="b">W.H. Lowdermilk,</subfield></datafield><datafield ind1=" " ind2=" " tag="300"><subfield code="a">v.</subfield></datafield><datafield ind1=" " ind2=" " tag="310"><subfield code="a">Weekly</subfield></datafield><datafield ind1="0" ind2=" " tag="362"><subfield code="a">Vol. 49, no. 1 (Jan. 2, 1876)-v. 54, no. 16 (Apr. 9, 1882).</subfield></datafield><datafield ind1=" " ind2=" " tag="752"><subfield code="a">United States</subfield><subfield code="b">Maryland</subfield><subfield code="c">Allegany</subfield><subfield code="d">Cumberland.</subfield></datafield><datafield ind1="0" ind2="0" tag="780"><subfield code="t">Civilian &amp; telegraph</subfield><subfield code="x">2378-0460</subfield><subfield code="w">(DLC)sn 83016179</subfield><subfield code="w">(OCoLC)9502937</subfield></datafield><datafield ind1="0" ind2="0" tag="785"><subfield code="t">Sunday civilian</subfield><subfield code="w">(OCoLC)18261018</subfield><subfield code="w">(DLC)sn 88065698</subfield></datafield><datafield ind1="1" ind2=" " tag="029"><subfield code="a">AU@</subfield><subfield code="b">000025835582</subfield></datafield></record>